<?xml version="1.0" encoding="UTF-8"?>
<collection xmlns:xsi="http://www.w3.org/2001/XMLSchema-instance" xsi:schemaLocation="http://www.loc.gov/MARC21/slim http://www.loc.gov/standards/marcxml/schema/MARC21slim.xsd" xmlns="http://www.loc.gov/MARC21/slim">
<record>
  <leader>01200cam a2200313 a 4500</leader>
  <controlfield tag="001">2959309</controlfield>
  <controlfield tag="003">NNC</controlfield>
  <controlfield tag="005">20100224234557.0</controlfield>
  <controlfield tag="008">910410s1968    iq       b    000 0 ara d</controlfield>
  <datafield tag="010" ind1=" " ind2=" ">
    <subfield code="a">   70251758 </subfield>
  </datafield>
  <datafield tag="035" ind1=" " ind2=" ">
    <subfield code="a">(OCoLC)23446770</subfield>
  </datafield>
  <datafield tag="035" ind1=" " ind2=" ">
    <subfield code="a">(OCoLC)ocm23446770</subfield>
  </datafield>
  <datafield tag="035" ind1=" " ind2=" ">
    <subfield code="9">ASK4444CU</subfield>
  </datafield>
  <datafield tag="035" ind1=" " ind2=" ">
    <subfield code="a">(NNC)2959309</subfield>
  </datafield>
  <datafield tag="040" ind1=" " ind2=" ">
    <subfield code="c">NN</subfield>
    <subfield code="d">NN</subfield>
    <subfield code="d">RPB</subfield>
    <subfield code="d">UaCaAUL</subfield>
  </datafield>
  <datafield tag="066" ind1=" " ind2=" ">
    <subfield code="c">(3</subfield>
  </datafield>
  <datafield tag="100" ind1="1" ind2=" ">
    <subfield code="6">880-01</subfield>
    <subfield code="a">Dāwūd, Nabīlah ʻAbd al-Munʻim.</subfield>
  </datafield>
  <datafield tag="245" ind1="1" ind2="0">
    <subfield code="6">880-02</subfield>
    <subfield code="a">Nashʾat al-shīʻah al-Imāmīyah :</subfield>
    <subfield code="c">taʾlīf Nabīlah ʻAbd al-Munʻim Dāwūd.</subfield>
  </datafield>
  <datafield tag="260" ind1=" " ind2=" ">
    <subfield code="6">880-03</subfield>
    <subfield code="a">Baghdād :</subfield>
    <subfield code="b">Maṭbaʻat al-Irshād,</subfield>
    <subfield code="c">1968.</subfield>
  </datafield>
  <datafield tag="300" ind1=" " ind2=" ">
    <subfield code="a">376 p.</subfield>
    <subfield code="c">24 cm.</subfield>
  </datafield>
  <datafield tag="500" ind1=" " ind2=" ">
    <subfield code="a">Cover title: The rise of imami Shia, by Nabila Abdul Munam.</subfield>
  </datafield>
  <datafield tag="500" ind1=" " ind2=" ">
    <subfield code="a">Risālat al-Mājistair - Jāmiʻat Baghdād.</subfield>
  </datafield>
  <datafield tag="500" ind1=" " ind2=" ">
    <subfield code="a">Includes bibliographical references: (p. 321-344).</subfield>
  </datafield>
  <datafield tag="650" ind1=" " ind2="0">
    <subfield code="a">Shiites</subfield>
    <subfield code="x">History.</subfield>
  </datafield>
  <datafield tag="880" ind1="1" ind2=" ">
    <subfield code="6">100-01/(3/r</subfield>
    <subfield code="a">داوود، نبيلة عبد المنعم.</subfield>
  </datafield>
  <datafield tag="880" ind1="1" ind2="0">
    <subfield code="6">245-02/(3/r</subfield>
    <subfield code="a">نشأة الشيعة الامامية /</subfield>
    <subfield code="c">تأليف نبيلة عبد المنعم واوود.</subfield>
  </datafield>
  <datafield tag="880" ind1=" " ind2=" ">
    <subfield code="6">260-03/(3/r</subfield>
    <subfield code="a">بغداد :</subfield>
    <subfield code="b">مطبعة الارشاد،</subfield>
    <subfield code="c">1968.</subfield>
  </datafield>
  <datafield tag="955" ind1=" " ind2=" ">
    <subfield code="b">CU55328555</subfield>
    <subfield code="d">off,glx</subfield>
    <subfield code="e">BP192.4 .D37</subfield>
  </datafield>
</record>
</collection>